/home/sylvain/biblio_files/biblio_base.bib